<?xml version="1.0" encoding="UTF-8"?><collection xmlns="http://www.loc.gov/MARC21/slim"><record><leader>00418nam--2200157-i-4500</leader><controlfield tag="001">000007702</controlfield><controlfield tag="002">20161230</controlfield><controlfield tag="005">20161230201027</controlfield><controlfield tag="008">060222s1000------------r-----000-0-eng-d</controlfield><datafield ind1="1" ind2=" " tag="100"><subfield code="a">Curle, N</subfield></datafield><datafield ind1="1" ind2="0" tag="245"><subfield code="a">The laminar boundary layer equations</subfield></datafield><datafield ind1=" " ind2=" " tag="260"><subfield code="a">Oxford, At The Clarendon Press, 1965</subfield></datafield><datafield ind1=" " ind2=" " tag="300"><subfield code="a">XI+162P</subfield></datafield><datafield ind1=" " ind2=" " tag="490"><subfield code="a">Oxford Mathematical Monographs</subfield></datafield><datafield ind1=" " ind2=" " tag="852"><subfield code="a">24447</subfield><subfield code="c">517.9</subfield></datafield><datafield ind1=" " ind2=" " tag="CAT"><subfield code="a">Sys</subfield><subfield code="c">20080930</subfield><subfield code="h">132810</subfield></datafield></record></collection>